<record><leader>00000cas a22000007a 4500</leader><controlfield tag="001">16886002</controlfield><controlfield tag="008">871022c19uu9999flucr ne      0   a0eng d</controlfield><datafield ind1=" " ind2=" " tag="010"><subfield code="a">sn 87003915 </subfield></datafield><datafield ind1=" " ind2=" " tag="040"><subfield code="a">NSD</subfield><subfield code="b">eng</subfield><subfield code="c">NSD</subfield><subfield code="d">SERSO</subfield><subfield code="d">OCLCQ</subfield></datafield><datafield ind1=" " ind2=" " tag="012"><subfield code="m">1</subfield></datafield><datafield ind1="1" ind2=" " tag="022"><subfield code="a">0896-0283</subfield><subfield code="l">0896-0283</subfield><subfield code="2">1</subfield></datafield><datafield ind1=" " ind2=" " tag="032"><subfield code="a">985980</subfield><subfield code="b">USPS</subfield></datafield><datafield ind1=" " ind2=" " tag="037"><subfield code="b">The Courier Journal, PO Box 1486, 800 Indiantown Rd. W., Jupiter, FL 33468</subfield></datafield><datafield ind1=" " ind2=" " tag="042"><subfield code="a">nsdp</subfield></datafield><datafield ind1="0" ind2=" " tag="130"><subfield code="a">Courier journal (Jupiter, Fla.)</subfield></datafield><datafield ind1=" " ind2="4" tag="222"><subfield code="a">The Courier journal</subfield><subfield code="b">(Jupiter, Fla.)</subfield></datafield><datafield ind1="1" ind2="4" tag="245"><subfield code="a">The courier journal.</subfield></datafield><datafield ind1=" " ind2=" " tag="260"><subfield code="a">Jupiter, Fla. :</subfield><subfield code="b">Courier Co.</subfield></datafield><datafield ind1=" " ind2=" " tag="300"><subfield code="a">v.</subfield></datafield><datafield ind1=" " ind2=" " tag="310"><subfield code="a">Semiweekly,</subfield><subfield code="b">&lt;Oct. 4, 1987-&gt;</subfield></datafield><datafield ind1=" " ind2=" " tag="321"><subfield code="a">Three times a week,</subfield><subfield code="b">19 -</subfield></datafield><datafield ind1=" " ind2=" " tag="588"><subfield code="a">Description based on: Vol. 29, no. 118 (Sunday, Oct. 4, 1987).</subfield></datafield><datafield ind1=" " ind2=" " tag="752"><subfield code="a">United States</subfield><subfield code="b">Florida</subfield><subfield code="c">Palm Beach</subfield><subfield code="d">Jupiter.</subfield></datafield></record>